@incollection{nelson2007automated,
   author = {Mark J. Nelson and Michael Mateas},
   title = {Towards automated game design},
   booktitle = {AI*IA 2007: Artificial Intelligence and Human-Oriented
	Computing},
   pages = {626--637},
   publisher = {Springer},
   year = {2007},
   note = {{L}ecture Notes in Computer Science 4733}
}

@inproceedings{togelius2008experiment,
  title={An experiment in automatic game design},
  author={Togelius, Julian and Schmidhuber, J{\"u}rgen},
  booktitle={Proceedings of the 2008 IEEE Symposium on Computational Intelligence and Games},
  pages={111--118},
  year={2008}
}

@inproceedings{smith2010variations,
  title={Variations forever: Flexibly generating rulesets from a sculptable design space of mini-games},
  author={Smith, Adam M and Mateas, Michael},
  booktitle={Proceedings of the 2010 IEEE Symposium on Computational Intelligence and Games},
  pages={273--280},
  year={2010}
}

@inproceedings{treanor2012game,
  title={Game-o-matic: Generating videogames that represent ideas},
  author={Treanor, Mike and Blackford, Bryan and Mateas, Michael and Bogost, Ian},
  booktitle={Proceedings of the The third workshop on Procedural Content Generation in Games},
  pages={11},
  year={2012},
  organization={ACM}
}

@inproceedings{font2013towards,
  title={Towards the automatic generation of card games through grammar-guided genetic programming.},
  author={Font, Jos{\'e} Mar{\'\i}a and Mahlmann, Tobias and Manrique, Daniel and Togelius, Julian},
  booktitle={FDG},
  pages={360--363},
  year={2013}
}

@article{levine2013general,
  title={General Video Game Playing},
  author={Levine, John and Congdon, Clare Bates and Ebner, Marc and Kendall, Graham and Lucas, Simon M and Miikkulainen, Risto and Schaul, Tom and Thompson, Tommy},
  journal={Dagstuhl Follow-Ups},
  volume={6},
  year={2013},
  publisher={Schloss Dagstuhl-Leibniz-Zentrum fuer Informatik}
}

@article{ebner2013towards,
  title={Towards a video game description language},
  author={Ebner, Marc and Levine, John and Lucas, Simon M and Schaul, Tom and Thompson, Tommy and Togelius, Julian},
  journal={Dagstuhl Follow-Ups},
  volume={6},
  year={2013},
  publisher={Schloss Dagstuhl-Leibniz-Zentrum fuer Informatik}
}

@inproceedings{schaul2013video,
  title={A video game description language for model-based or interactive learning},
  author={Schaul, Tom},
  booktitle={Computational Intelligence in Games (CIG), 2013 IEEE Conference on},
  pages={1--8},
  year={2013},
  organization={IEEE}
}

@article{genesereth2005general,
  title={General game playing: Overview of the AAAI competition},
  author={Genesereth, Michael and Love, Nathaniel and Pell, Barney},
  journal={AI magazine},
  volume={26},
  number={2},
  pages={62},
  year={2005}
}

@phdthesis{browne2008automated,
  title={Automatic generation and evaluation of recombination games},
  author={Browne, Cameron},
  year={2008},
  school={Queensland University of Technology}
}

@MISC{togelius11search,
    author = {Julian Togelius and Georgios N. Yannakakis and Kenneth O. Stanley and Cameron Browne},
    title = {Search-based Procedural Content Generation: A Taxonomy and Survey},
    year = {2011}
}

@incollection{pcgbook:ch6,
author={Mark J. Nelson and Julian Togelius and Cameron Browne and Michael Cook},
title={Chapter 6: Rules and mechanics},
booktitle={Procedural Content Generation in Games: A Textbook and an Overview of Current Research},
publisher={Springer},
year={2014},
note={(To appear.)},
url={http://www.pcgbook.com}
}

@incollection{pcgbook:ch2,
author={Mark J. Nelson and Julian Togelius and Cameron Browne and Michael Cook},
title={The search-based approach},
booktitle={Procedural Content Generation in Games: A Textbook and an Overview of Current Research},
publisher={Springer},
year={2014},
note={(To appear.)},
url={http://www.pcgbook.com}
}


@inproceedings{liapis2014creativity,
author={Antonios Liapis and Georgios N. Yannakakis and Julian Togelius},
title={Computational game creativity},
booktitle={Proceedings of the 5th International Conference on Computational Creativity},
year={2014}
}

@inproceedings{cook2014angelina,
author={Michael Cook and Simon Colton},
title={Ludus Ex Machina: Building A 3D Game Designer That Competes Alongside Humans},
booktitle={Proceedings of the 5th International Conference on Computational Creativity},
year={2014}
}

@inproceedings{togelius2014characteristics,
   author = {Julian Togelius and Mark J. Nelson and Antonios Liapis},
   title = {Characteristics of generatable games},
   booktitle = {Proceedings of the 5th Workshop on Procedural Content Generation in Games},
   year = {2014}
}

@article{hendrikx2013procedural,
  title={Procedural content generation for games: A survey},
  author={Hendrikx, Mark and Meijer, Sebastiaan and Van Der Velden, Joeri and Iosup, Alexandru},
  journal={ACM Transactions on Multimedia Computing, Communications, and Applications (TOMCCAP)},
  volume={9},
  number={1},
  pages={1},
  year={2013},
  publisher={ACM}
}


@misc{love2008general,
  title={General game playing: Game description language specification},
  author={Love, Nathaniel and Hinrichs, Timothy and Haley, David and Schkufza, Eric and Genesereth, Michael},
  year={2008},
  publisher={Stanford Logic Group Computer Science Department Stanford University, Technical Report LG-2006-01}
}


@misc{wiki:reldiff,
   author = "Wikipedia",
   title = "Relative change and difference --- Wikipedia{,} The Free Encyclopedia",
   year = "2015",
   url = "http://en.wikipedia.org/w/index.php?title=Relative_change_and_difference&oldid=644596877",
   note = "[Online; accessed 13-February-2015]"
}


@misc{puzzlescript,
	author = "Stephen Lavelle",
	title = "PuzzleScript",
	year = "2013",
	url = "http://www.puzzlescript.net/"
}
	

@misc{game:borderlands,
      author = {{Gearbox Software}},
      title = "Borderlands 2",
      month = "September",
      year = "2012",
      url = "http://www.borderlands2.com/"
}

@misc{game:minecraft,
      author = "Mojang",
      title = "Minecraft",
      month = "November",
      year = "2011",
      url = "http://www.minecraft.net/"
}

@misc{game:spelunky,
      author = "Derek Yu",
      title = "Spelunky",
      month = "September",
      year = "2009",
      url = "http://www.spelunkyworld.com/"
}

@misc{game:rogue,
      author = "Toy, Michael and Wichman, Glenn",
      title = "Rogue",
      year = "1980"
}

@misc{game:crackpots,
      author = {{Activision, Inc.}},
      title = "Crackpots",
      year = "1983"
}

@misc{game:solarfox,
      author = {{Bally Midway Manufacturing Co., Inc.}},
      title = "Solar Fox",
      year = "1981"
}

@misc{game:astrosmash,
      author = {{Mattel Electronics}},
      title = "Astrosmash",
      year = "1981"
}

@misc{game:centipede,
      author = {{Atari, Inc.}},
      title = "Centipede",
      year = "1980"
}

@misc{game:elite,
      author = {{Acornsoft}},
      title = "Elite",
      year = "1984",
      url = "http://www.mobygames.com/game/elite"
}

@misc{game:civilizationii,
      author = {{MicroProse}},
      title = "Civilization II",
      year = "1996",
      url = "http://www.mobygames.com/game/sid-meiers-civilization-ii"
}

@misc{game:homm3,
      author = {{New World Computing}},
      title = "Heroes of Might and Magic III: The Restoration of Erathia",
      year = "1999",
      url = "http://www.nwcomputing.com/products/pc/heroes3/"
}

@misc{game:diabloseries,
      author = {{Blizzard}},
      title = "Diablo series",
      year = "1996-",
      url = "http://eu.blizzard.com/en-gb/games/"
}

@misc{game:darkage,
      author = {{Mythic Entertainment}},
      title = "Dark Age of Camelot",
      year = "2001",
      url = "http://www.darkageofcamelot.com/"
}

@misc{game:dwarffortress,
      author = {{Bay 12 Games}},
      title = "Dwarf Fortress",
      year = "2006",
      url = "http://www.bay12games.com/dwarves/"
}

@misc{game:roboblitz,
      author = {{Naked Sky Entertainment}},
      title = "RoboBlitz",
      year = "2006",
      url = "http://www.roboblitz.com/"
}

@misc{game:kkrieger,
      author = {{Farbrausch}},
      title = ".kkrieger",
      year = "2004",
      url = "https://github.com/farbrausch/fr_public"
}

@misc{game:borderlandsseries,
      author = {{Gearbox Software}},
      title = "Borderlands series",
      year = "2009-",
      url = "http://borderlandsthegame.com/"
}



@misc{game:bait,
      author = {{Crystal Interactive Software, Inc.}},
      title = "Bait",
      year = "2001",
      url = "http://www.mobygames.com/game/bait"
}

@misc{game:boloadventures,
      author = {{Soleau Software, Inc.}},
      title = "Bolo Adventures III",
      year = "1996",
      url = "http://www.soleau.com/dosgame.html"
}

@misc{game:thecitadel,
      author = {{Tiger Developments Ltd.}},
      title = "The Citadel",
      year = "1991",
      url = "http://www.mobygames.com/game/citadel__"
}

@misc{game:bombuzal,
      author = {{Image Works}},
      title = "Bombuzal",
      year = "1988",
      url = "http://www.mobygames.com/game/bombuzal"
}

@misc{game:brainman,
      author = {{MegArts}},
      title = "Brainman",
      year = "1995",
      url = "http://www.mobygames.com/game/brainman"
}

@misc{game:chipschallenge,
      author = {{Atari Corporation}},
      title = "Chip's Challenge",
      year = "1989",
      url = "http://www.mobygames.com/game/chips-challenge"
}

@misc{game:sokoban,
      author = {{Thinking Rabbit}},
      title = "Soko-Ban",
      year = "1982",
      url = "http://www.mobygames.com/game/soko-ban"
}

@misc{game:modality,
      author = {{Silver Spaceship Software}},
      title = "Modality",
      year = "2013",
      url = "http://www.puzzlescript.net/play.html?p=6888061"
}


@misc{game:zenpuzzle,
      author = {{Lexaloffle Games}},
      title = "Zen Puzzle Garden",
      year = "2003",
      url = "http://www.lexaloffle.com/zen.htm"
}
